% $Id: paper.bib,v 1.2 2005/10/03 23:01:44 leavens Exp $

% Journal abbreviations for bibtex.
% Others defined by bibtex are indicated by comments.

@String(Addison-Wesley="Addison-Wesley Publishing Co.")
@String(ACM="ACM")
%	ACMCS="ACM Computing Surveys"
%	ACTA="Acta Informatica"
@String(AFIPS="American Federation of Information Processing Societies")
@String(ANSI="American National Standards Institute")
@String(BSTJ="Bell System Technical Journal")
%	CACM="Communications of the ACM"
@String(CMU="School of Computer Science, Carnegie Mellon University")
@String(DECSRC="Digital Equipment Corporation, Systems Research Center")
@String(ENTCS="Electronic Notes in Theoretical Computer Science")
@string{ESOP = "European Symposium on Programming"}
@String(FOCS="Annual Symposium on Foundations of Computer Science")
%	IBMJRD="IBM Journal of Research and Development"
%	IBMSJ="IBM Systems Journal"
@String(IEEE="IEEE")
@String(IEEETSE="IEEE Transactions on Software Engineering")
%	IEEESE="IEEE Transactions on Software Engineering"
%	IEEETC="IEEE Transactions on Computers"
@String(IFIP="IFIP")
%	IPL="Information Processing Letters"
@String(IRIA="IRIA")
%	JACM="Journal of the ACM"
%	JCSS="Journal of Computer and System Sciences"
@String(JOOP="Journal of Object-Oriented Programming")
@String(JSL="The Journal of Symbolic Logic")
@String(McGraw-Hill="McGraw-Hill Book Co.")
@String(MIT="Massachusetts Institute of Technology")
@String(MITAI="Massachusetts Institute of Technology, Artificial Intelligence Laboratory")
@String(MITLCS="Massachusetts Institute of Technology, Laboratory for Computer Science")
@String(MITP="The MIT Press")
@String(North-Holland="North-Holland Publishing Co.")
@String(NY="New York, NY")
@string{LICS = "IEEE Symposium on Logic in Computer Science"}
@String(LNCS="Lecture Notes in Computer Science")
@string{PEPM  = "ACM Symposium on Partial Evaluation and
                 Semantics-based Program Manipulation"}
@String(PODS="ACM Symposium on Principles of Database Systems")
@string{POPL = "ACM Symposium on Principles of Programming Languages"}
@String(Prentice-Hall="Prentice-Hall, Inc.")
@string{PRG = "Oxford University, Computing Laboratory, Programming Research Group"}
@string{SAS  = "Static Analysis Symposium"}
%	SCP="Science of Computer Programming"
@String(SIAMJC="SIAM Journal on Computing")
%	SICOMP="SIAM Journal on Computing"
@String(SIGART="ACM SIGART Newsletter")
@String(SIGCSE="ACM SIGCSE Bulletin")
@String(SIGOPS="ACM SIGOPS Operating Systems Review")
@String(SIGPLAN="ACM SIGPLAN Notices")
@String(SIGSOFT="ACM SIGSOFT Software Engineering Notes")
@String(SPandE="Software: Practice and Experience")
@string{SOSP = "ACM Symposium on Operating Systems Principles"}
@String(STOC="Annual ACM Symposium on Theory of Computing")
@string{SV = "Springer-Verlag"}
@String(TAPOS="Theory and Practice of Object Systems")
%	TOCS="ACM Transactions on Computer Systems"
%	TODS="ACM Transactions on Database Systems"
%	TOOIS="ACM Transactions on Office Information Systems"
%	TOPLAS="ACM Transactions on Programming Languages and Systems"
@String(TOSEM="ACM Transactions on Software Engineering and Methodology")
%	TCS="Theoretical Computer Science"
@String(Wiley="John Wiley and Sons")

@Article{Beck-Gamma98,
  key =		 {Beck \& Gamma},
  author = 	 {Kent Beck and Erich Gamma},
  title = 	 {Test Infected: Programmers Love Writing Tests},
  journal = 	 {Java Report},
  year = 	 1998,
  volume =	 3,
  number =	 7,
  pages =	 {37-50},
  URL =          "http://junit.sourceforge.net/doc/testinfected/testing.htm"
}

@InProceedings{Burdy-etal03,
author =       {Lilian Burdy and Yoonsik Cheon and David Cok and 
                 Michael Ernst and Joe Kiniry and Gary T. Leavens and 
                 K. Rustan M. Leino and Erik Poll},
title =        {An overview of {JML} tools and applications},
booktitle = 	 {Eighth International Workshop on
                  Formal Methods for Industrial Critical Systems (FMICS 03)},
pages = 	 {73--89},
year =    	 {2003},
editor = 	 {Thomas Arts and Wan Fokkink},
volume = 	 {80},
series = 	 {Electronic Notes in Theoretical Computer Science (ENTCS)},
month = 	 {June},
publisher =    {Elsevier},
annote =       {42 references.},
URL =          {http://www.sciencedirect.com/science/journal/15710661}
}

@InProceedings{Cheon-Leavens02,
  key =		 {Cheon \& Leavens},
  author = 	 {Yoonsik Cheon and Gary T. Leavens},
  title = 	 {A Simple and Practical Approach to Unit Testing: The {JML} and {JUnit} Way},
  booktitle =	 {ECOOP 2002 --- Object-Oriented Programming, 16th European Conference, M\'{a}alaga, Spain, Proceedings},
  pages =	 {231-255},
  year =	 2002,
  editor =	 {Boris Magnusson},
  volume =	 2374,
  series =	 LNCS,
  address =	 {Berlin},
  month =	 Jun,
  publisher =	 {Springer-Verlag},
  annote =	 {The jmlunit tool.  38 references.}
}

@InProceedings{Cheon-Leavens02b,
  key =		 {Cheon \& Leavens},
  author = 	 {Yoonsik Cheon and Gary T. Leavens},
  title = 	 {A Runtime Assertion Checker for the 
                 {Java Modeling Language (JML)}},
  booktitle =	 {Proceedings of the International Conference on Software
                  Engineering Research and Practice (SERP '02),
                  Las Vegas, Nevada, USA, June 24-27, 2002},
  pages =	 {322--328},
  year =	 2002,
  editor =	 {Hamid R. Arabnia and Youngsong Mun},
  month =	 Jun,
  publisher =	 {CSREA Press},
  annote =	 {23 references.},
  url =          {ftp://ftp.cs.iastate.edu/pub/techreports/TR02-05/TR.pdf}
}

@TechReport{Cheon-etal03,
  Key = 	"Cheon \& Leavens \& Sitaraman \& Edwards",
  Author = 	"Yoonsik Cheon and Gary T. Leavens and
                 Murali Sitaraman and  Stephen Edwards",
  Title = 	"Model Variables: Cleanly Supporting Abstraction 
                 in Design By Contract",
  Institution = "Department of Computer Science, Iowa State University",
  Month =	Apr,
  Year = 	2003,
  Number =	"03-10",
  Note = 	"Available from \url{archives.cs.iastate.edu}.",
  Annote =	"39 references."
}

@TechReport{Cheon03,
  Key = 	"Cheon",
  Author = 	"Yoonsik Cheon",
  Title = 	"A Runtime Assertion Checker for the {Java Modeling Language}",
  Institution = "Department of Computer Science, Iowa State University",
  Year = 	2003,
  Number = 	"03-09",
  Address = 	"Ames, IA",
  Month = 	Apr,
  Note =	"The author's Ph.D. dissertation.
                 Available from \url{archives.cs.iastate.edu}",
  URL =         "ftp://ftp.cs.iastate.edu/pub/techreports/TR03-09/TR.pdf",
  Annote =      "160 references."
}

@Article{Hoare69, Key="Hoare",
Author="C. A. R. Hoare",
Title="An Axiomatic Basis for Computer Programming",
Journal=CACM,
Volume=12,
Number=10,
Month=Oct,
Year=1969,
Pages="576-583",
Annote="Axiomatic semantics introduced, partial correctness, proofs of
	correctness.  9 references."
}

@TechReport{Leavens-etal03a,
  Key = 	{Leavens, {\em et al.}},
  Author = 	{Gary T. Leavens and Yoonsik Cheon and Curtis Clifton
                 and Clyde Ruby and David R. Cok}, 
  Title = 	{How the Design of {JML} Accommodates
                 Both Runtime Assertion Checking and Formal Verification},
  Institution=  "Department of Computer Science, Iowa State University",
  Year = 	2003,
  Number = 	"03-04",
  Address=      "Ames, Iowa, 50011",
  Month = 	Mar,
  URL =         "ftp://ftp.cs.iastate.edu/pub/techreports/TR03-04/TR.pdf",
  Note =        "To appear in the proceedings of FMCO 2002.",
  Annote =      "81 references."
}

@TechReport{Leavens-Baker-Ruby03,
  Key = 	"Leavens \& Baker \& Ruby",
  Author = 	"Gary T. Leavens and Albert L. Baker and Clyde Ruby",
  Title = 	"Preliminary Design of {JML}:
	A Behavioral Interface Specification Language for {Java}",
  Institution = "Iowa State University, Department of Computer Science",
  Year = 	2003,
  Number = 	"98-06v",
  Month = 	May,
  URL = "ftp://ftp.cs.iastate.edu/pub/techreports/TR98-06/TR.ps.gz",
  Annote = 	"57 references.",
  Note =        "See \url{www.jmlspecs.org}."
}

@Article{Liskov-Wing94,
  key =		 "Liskov \& Wing",
  author = 	 "Barbara Liskov and Jeannette Wing",
  title = 	 "A Behavioral Notion of Subtyping",
  journal =	 TOPLAS,
  year =	 1994,
  volume =	 16,
  number =	 6,
  pages =	 "1811-1841",
  month =	 Nov,
  annote = 	 "37 references."
}

@Article{Meyer92a,
  Key = 	"Meyer",
  Author = 	"Bertrand Meyer",
  Title = 	"Applying ``Design by Contract''",
  Journal = 	"Computer",
  Year = 	1992,
  Volume = 	25,
  Number = 	10,
  Month = 	Oct,
  Pages = 	"40-51",
  Annote = 	"10 references."
}

@Book{Meyer92b, Key="Meyer",
Author="Bertrand Meyer",
Title="Eiffel: The Language",
Publisher="Prentice Hall",
Series="Object-Oriented Series",
Address=NY,
Year=1992,
Annote="Definition of Eiffel with supporting material on methodology
		 and examples integrated in a unique way.  More than 35 references."
}
